
    
@Online{aaltolib,
  author  = {{Aalto University Learning Centre}}, % extra braces because firstinit is true in document
  journal = {NPSG.UW - Natural Phenomena Simulation Group at University of Waterloo},
  title   = {Citation Guide: Making a bibliography},
  url     = {https://libguides.aalto.fi/c.php?g=410674&p=2797572},
  urldate = {2021-07-14}
}


@Book{Bringhurst,
  author    = {Bringhurst, R.},
  publisher = {Point Roberts, WA: Hartley \& Marks},
  title     = {Horizontal Motion. The Elements of Typographic Style},
  year      = {1992},
  pages = {26, 25--36},
  url = {https://smallpressblog.files.wordpress.com/2017/11/bringhurstelementsselections1.pdf}
}
    
   
@article{Dyson, 
    title=      {The Effects of Line Length and Method of Movement on Patterns of Reading from Screen}, 
    volume=     {2}, 
    number=     {2}, 
    journal=    {Visible Language}, 
    author=     {Dyson, M. C. and Kipping, G. J.}, 
    year=       {1998}, 
    month=      {3}, 
    pages=      {150--181}}

@Online{Wikilinelength,
    title =     {Line length},
    author =    {{Wikipedia contributors}},
    journal =   {{Wikipedia: The Free Encyclopedia}, Wikimedia Foundation, Inc.},
    date =   {2004-07-22},
	url = {https://en.wikipedia.org/w/index.php?title=Line_length&oldid=997524503},
	urldate = {2021-05-07}
}

@misc{rfc768,
    series =    {Request for Comments},
    number =    768,
    howpublished =  {RFC 768},
    publisher = {RFC Editor},
    doi =       {10.17487/RFC0768},
    url =       {https://www.rfc-editor.org/info/rfc768},
    author =    {},
    title =     {{User Datagram Protocol}},
    pagetotal = 3,
    year =      1980,
    month =     aug,
    abstract =  {},
}

@misc{rfc793,
    series =    {Request for Comments},
    number =    793,
    howpublished =  {RFC 793},
    publisher = {RFC Editor},
    doi =       {10.17487/RFC0793},
    url =       {https://www.rfc-editor.org/info/rfc793},
    author =    {},
    title =     {{Transmission Control Protocol}},
    pagetotal = 91,
    year =      1981,
    month =     sep,
    abstract =  {},
}

@misc{rfc791,
    series =    {Request for Comments},
    number =    791,
    howpublished =  {RFC 791},
    publisher = {RFC Editor},
    doi =       {10.17487/RFC0791},
    url =       {https://www.rfc-editor.org/info/rfc791},
    author =    {},
    title =     {{Internet Protocol}},
    pagetotal = 51,
    year =      1981,
    month =     sep,
    abstract =  {},
}

@Comment{jabref-meta: databaseType:bibtex;}
